
@book{Weisbuch::91,
    author = {C. Weisbuch and B. Winter},
    title = {Quantum Semiconductor Structures},
    publisher = {Academic Press},
    year = {1991},
    address = {San Diego},
    confidential = {n}
}

@incollection{Kuhn::98,
    author = {Tilman Kuhn},
    title = {Density Matrix Theory of Coherent Ultrafast Optics and Kinetics of Semiconductors},
    booktitle = {Theory of Transport Properties of Semiconductor Nanostructures},
    publisher = {Chapman Hall},
    year = {1998},
    address = {London},
    note = {edited by E. Sch{\"o}ll},
    confidential = {n}
}

@article{Weber:PhysRevB:09,
    author = {C. Weber AND A. Wacker AND A. Knorr},
    title = {Density-matrix theory of the optical dynamics and transport in quantum cascade structures: The role of coherence},
    journal = {Phys. Rev. B},
    year = {2009},
    volume = {79},
    number = {16},
    pages = {165322},
    confidential = {n}
}

%%%%%%%%%%%%%%%%%
%%% MAIN BODY %%%
%%%%%%%%%%%%%%%%%

@article{Veblen:UCC:08,
    author = {Thorstein Veblen},
    title = {The Evolution of the Scientific Point of View},
    journal = {University of California Chronicle},
    year = {1908},
}

@book{Sagan::80,
    author = {Carl Sagan},
    title = {Cosmos},
    publisher = {Ballantine Books},
    address = {New York},
    year = {1980},
    confidential = {n}
}

@book{Turnbull::59,
    author = {H. W. Turnbull},
    title = {The Correspondence of Isaac Newton},
		volume = {1},
    publisher = {Ed. Cambridge University Press},
    address = {New York},
    year = {1959},
    confidential = {n}
}

@book{Fuller::81,
    author = {R. Buckminster Fuller},
    title = {Critical Path},
    publisher = {St. Martin's Press},
    address = {New York},
    year = {1981},
    confidential = {n}
}

@book{Gilligan::96,
    author = {James Gilligan},
    title = {Violence: Our Deadly Epidemic and Its Causes},
    publisher = {G.P.  Putnam's Sons},
    address = {New York},
    year = {1996},
    confidential = {n}
}

@book{Fresco::02,
    author = {Jacque Fresco},
    title = {The Best That Money Can't Buy},
    publisher = {Global Cybervisions},
    year = {2002},
    confidential = {n}
}

@book{Wilkinson::10,
    author = {Richard Wilkinson and Kate Pickett},
    title = {The Spirit Level: Why Equality is Better for Everyone},
    publisher = {Penguin Books},
    year = {2010},
    confidential = {n}
}

@article{Galtung:JPeaceRes:69,
    author = {Johan Galtung},
    title = {Violence, Peace, and Peace Research},
    journal = {J. Peace Res.},
    year = {1969},
    volume = {6},
    number = {3},
    pages = {167-191},
    confidential = {n}
}

@misc{Shah:http:14,
  title = {Poverty Facts and Stats},
	author = {Anup Shah},
  howpublished = {\url{http://www.globalissues.org/article/26/poverty-facts-and-stats}},
	year = {2013},
  note = {Accessed: 2014-09-06}
}

@misc{FamilyGP:http:14,
  title = {Very religious parents causing suffering to sick kids, says report},
	author = {FamilyGP},
  howpublished = {\url{https://uk.lifestyle.yahoo.com/religious-parents-causing-suffering-sick-kids-says-report-115021612.html}},
	year = {2012},
  note = {Accessed: 2014-09-06}
}

@misc{GRI:http:14,
	author = {GlobalRedesignInstitute},
	title = {Official website},
  howpublished = {\url{http://www.globalredesigninstitute.org}},
  note = {Accessed: 2014-09-06}
}

@misc{Fuller:http:14,
	author = {Wikipedia},
	title = {Dymaxion House information},
  howpublished = {\url{http://en.wikipedia.org/wiki/Dymaxion_house}},
  note = {Accessed: 2014-09-06}
}

@book{Polanyi::62,
    author = {Michael Polanyi},
    title = {Personal Knowledge: Towards a Post-Critical Philosophy},
    publisher = {University of Chicago Press},
    address = {Chicago},
    year = {1962},
    confidential = {n}
}

@Book{Murray::86,
 author = {Murray, Jon},
 title = {All the questions you ever wanted to ask American Atheists with all the answers},
 publisher = {American Atheist Press},
 year = {1986},
 address = {Austin, Tex},
}

@misc{Wolfs:http:14,
	author = {Frank L. H. Wolfs},
	title = {Introduction to the Scientific Method},
  howpublished = {\url{http://teacher.nsrl.rochester.edu:8080/phy_labs/AppendixE/AppendixE.html}},
  note = {Accessed: 2014-09-06}
}

@misc{Dictionary:http:14a,
	author = {Dictionary.com},
	title = {Symbiotic},
  howpublished = {\url{http://dictionary.reference.com/browse/symbiotic}},
  note = {Accessed: 2014-09-06}
}

@article{Einstein:NewYorkTimes:69,
	author = {Albert Einstein},
	title = {Atomic Education Urged by Einstein},
	journal = {New Tork Times},
	year = {May 25th 1946},
}

@misc{McLeish:http:14,
	author = {Ben McLeish},
	title  = {Out of the Box: Prisons},
  howpublished = {Lecture: \url{http://vimeo.com/40672488}},
	year = {2012},
  note = {Accessed: 2014-09-06}
}

@article{Reason:BMJ:00,
	author = {James Reason},
	title  = {Human error: models and management},
	journal = {BMJ},
	volume = {320},
	pages = {769-770},
	year = {2000},
  howpublished = {\url{http://www.ncbi.nlm.nih.gov/pmc/articles/pmc1117770/}}
}

@misc{Rong:http:11,
	author = {Blake Z. Rong},
	title  = {Google Engineer Claims Its Driverless Cars Could Save A Million Lives Every Year},
  howpublished = {\url{http://www.autoguide.com/auto-news/2011/04/google-engineer-claims-its-driverless-cars-could-save-a-million-lives-every-year.html}},
	year = {2011},
  note = {Accessed: 2014-09-06}
}

@article{Merva:EPIReports:92,
	author = {Mary Merva and Richard Fowles},
	title = {Effects of Diminished Economic Opportunities on Social Stress: Heart Attacks, Strokes, and Crime},
	journal = {EPI Reports},
	howpublished = {\url{http://www.epi.org/publication/epi_virlib_briefingpapers_1992_effectso/}},
	year = {1992}
}

@book{Durant::61,
 author = {Durant, Will},
 title = {The story of philosophy: the lives and opinions of the greater philosophers},
 publisher = {Pocket Books},
 year = {1961},
 address = {New York}
}

@book{Cohen::34,
  title={An introduction to logic and scientific method},
  author={Cohen, M.R. and Nagel, E.},
  series={Routledge paperbacks},
  publisher={Harcourt, Brace and company},
	address = {New York},
  year={1934}
}

@Book{McMurtry::99,
 author = {McMurtry, John},
 title = {The cancer stage of capitalism},
 publisher = {Pluto Press},
 year = {1999},
 address = {London Sterling, Va}
}

@Book{McMurtry::02,
 author = {McMurtry, John},
 title = {Value wars: the Global market versus the life economy},
 publisher = {Pluto Press},
 year = {2002},
 address = {London Sterling, Va}
}

@misc{Dictionary:http:14b,
	author = {Dictionary.com},
	title = {Prima Facie},
  howpublished = {\url{http://dictionary.reference.com/browse/prima+facie}},
  note = {Accessed: 2014-09-06}
}

@article{Krikorian:VSofD:85,
	author = {Krikorian, Robert V.},
	title = {Have You Noticed?},
	journal = {Vital Speeches of the Day},
	volume = {51},
	number = {10},
	page = {299},
	year = {1985}
}

@Book{Hodgkinson::92,
 author = {Hodgkinson, V. A. and Weitzman, M. S. and Noga, S. M. and Gorski, H. A},
 title = {Giving and Volunteering in the United States: Findings from a National Survey},
 publisher = {Independent Sector},
 year = {1992},
 address = {Washington, DC}
}

@Book{Pink::11,
 author = {Pink, Daniel},
 title = {Drive: The surprising truth about what motivates us},
 publisher = {Riverhead Books},
 year = {2011},
 address = {New York}
}

@Book{Veblen::78,
 author = {Veblen, Thorstein},
 title = {The theory of business enterprise},
 publisher = {Transaction Books},
 year = {1978},
 address = {New Brunswick, N.J}
}

@misc{Investopedia:http:14,
	author = {Investopedia.com},
	title = {Crony Capitalism},
  howpublished = {\url{http://www.investopedia.com/terms/c/cronycapitalism.asp
}},
  note = {Accessed: 2014-09-06}
}

@misc{Investopedia:http:14b,
	author = {Investopedia.com},
	title = {Labor Theory Of Value},
  howpublished = {\url{(http://www.investopedia.com/terms/l/labor-theory-of-value.asp
}},
  note = {Accessed: 2014-09-06}
}

@misc{Opensecrets:http:14,
	author = {Opensecrets.org},
	title = {Lobbying Database},
  howpublished = {\url{http://www.opensecrets.org/lobby/}},
  note = {Accessed: 2014-09-06}
}

@misc{Mises:http:20,
	author = {Ludwig von Mises},
	title = {Economic Calculation In The Socialist Commonwealth},
  howpublished = {\url{http://mises.org/econcalc.asp}},
	year = {1920},
  note = {Accessed: 2014-09-06}
}

@misc{Keenan:http:95,
	author = {Keenan, Tim},
	title = {Engineering revolution: CAD/CAE advancements changing vehicle development},
  howpublished = {\url{http://wardsauto.com/news-amp-analysis/engineering-revolution-cadcae-advancements-changing-vehicle-development}},
	year = {1995},
  note = {Accessed: 2014-09-06}
}

